@unpublished{symtabsite,
    author  = {{Paradyn Project}},
    title   = {{SymtabAPI}: A Multi-Platform Library for Symbol and Debug Information},
    note    = "http://www.paradyn.org",
    year    = 2010
}
